<record><leader>00000cas a22000007a 4500</leader><controlfield tag="001">11658119</controlfield><controlfield tag="008">850205d18561864njudn ne      0    0eng d</controlfield><datafield ind1=" " ind2=" " tag="010"><subfield code="a">sn 85025325 </subfield></datafield><datafield ind1=" " ind2=" " tag="040"><subfield code="a">NPX</subfield><subfield code="b">eng</subfield><subfield code="c">NPX</subfield><subfield code="d">NPA</subfield><subfield code="d">NJW</subfield><subfield code="d">OCLCQ</subfield><subfield code="d">KRTAS</subfield><subfield code="d">OCLCQ</subfield></datafield><datafield ind1=" " ind2=" " tag="042"><subfield code="a">msc</subfield></datafield><datafield ind1="0" ind2=" " tag="130"><subfield code="a">Paterson daily guardian (Paterson, N.J. : 1856)</subfield></datafield><datafield ind1="1" ind2="0" tag="245"><subfield code="a">Paterson daily guardian.</subfield></datafield><datafield ind1=" " ind2=" " tag="260"><subfield code="a">Paterson, N.J. :</subfield><subfield code="b">Van Derhoven &amp; Irish,</subfield><subfield code="c">-1864.</subfield></datafield><datafield ind1=" " ind2=" " tag="300"><subfield code="a">v.</subfield></datafield><datafield ind1=" " ind2=" " tag="310"><subfield code="a">Daily (except Sun.)</subfield></datafield><datafield ind1="1" ind2=" " tag="362"><subfield code="a">Began with Nov. 17, 1856 issue.</subfield></datafield><datafield ind1="0" ind2=" " tag="362"><subfield code="a">-v. 15, whole no. 2468 (Oct. 15, 1864).</subfield></datafield><datafield ind1=" " ind2=" " tag="500"><subfield code="a">Editors: Orrin Van Derhoven, &lt;1861&gt;; Hugh Crowell Irish, &lt;1861&gt;.</subfield></datafield><datafield ind1=" " ind2=" " tag="530"><subfield code="a">Also issued on microfilm as part of the Civil War newspapers collection.</subfield></datafield><datafield ind1=" " ind2=" " tag="580"><subfield code="a">Continues: Tri-weekly guardian (non-extant?).</subfield></datafield><datafield ind1=" " ind2=" " tag="588"><subfield code="a">Description based on: Vol. 8, whole no. 1414 (June 10, 1861).</subfield></datafield><datafield ind1=" " ind2=" " tag="752"><subfield code="a">United States</subfield><subfield code="b">New Jersey</subfield><subfield code="c">Passaic</subfield><subfield code="d">Paterson.</subfield></datafield><datafield ind1="0" ind2=" " tag="775"><subfield code="t">Paterson weekly guardian (Paterson, N.J. : 1856)</subfield><subfield code="w">(DLC)sn 85025326</subfield><subfield code="w">(OCoLC)11658359</subfield></datafield><datafield ind1="1" ind2="0" tag="780"><subfield code="t">Tri-weekly guardian</subfield></datafield><datafield ind1="0" ind2="0" tag="785"><subfield code="t">Daily Patersonian</subfield><subfield code="w">(DLC)sn 87068031</subfield><subfield code="w">(OCoLC)15133093</subfield></datafield><datafield ind1=" " ind2=" " tag="938"><subfield code="a">Kirtas Technologies, Inc.</subfield><subfield code="b">KRTS</subfield><subfield code="n">738995</subfield></datafield></record>